%YAML 1.1
%TAG !u! tag:unity3d.com,2011:
--- !u!1 &3170608014785593249
GameObject:
  m_ObjectHideFlags: 0
  m_CorrespondingSourceObject: {fileID: 0}
  m_PrefabInstance: {fileID: 0}
  m_PrefabAsset: {fileID: 0}
  serializedVersion: 6
  m_Component:
  - component: {fileID: 4766215471918423100}
  - component: {fileID: 3502891327838635167}
  m_Layer: 0
  m_Name: star (5)
  m_TagString: Untagged
  m_Icon: {fileID: 0}
  m_NavMeshLayer: 0
  m_StaticEditorFlags: 0
  m_IsActive: 1
--- !u!4 &4766215471918423100
Transform:
  m_ObjectHideFlags: 0
  m_CorrespondingSourceObject: {fileID: 0}
  m_PrefabInstance: {fileID: 0}
  m_PrefabAsset: {fileID: 0}
  m_GameObject: {fileID: 3170608014785593249}
  serializedVersion: 2
  m_LocalRotation: {x: -0, y: -0, z: 0.7610783, w: 0.64866006}
  m_LocalPosition: {x: 1.03, y: -3.02, z: 0}
  m_LocalScale: {x: 0.3670999, y: 0.3670999, z: 0.3671}
  m_ConstrainProportionsScale: 0
  m_Children: []
  m_Father: {fileID: 3346652688246368509}
  m_LocalEulerAnglesHint: {x: 0, y: 0, z: 0}
--- !u!212 &3502891327838635167
SpriteRenderer:
  m_ObjectHideFlags: 0
  m_CorrespondingSourceObject: {fileID: 0}
  m_PrefabInstance: {fileID: 0}
  m_PrefabAsset: {fileID: 0}
  m_GameObject: {fileID: 3170608014785593249}
  m_Enabled: 1
  m_CastShadows: 0
  m_ReceiveShadows: 0
  m_DynamicOccludee: 1
  m_StaticShadowCaster: 0
  m_MotionVectors: 1
  m_LightProbeUsage: 1
  m_ReflectionProbeUsage: 1
  m_RayTracingMode: 0
  m_RayTraceProcedural: 0
  m_RenderingLayerMask: 1
  m_RendererPriority: 0
  m_Materials:
  - {fileID: 2100000, guid: a97c105638bdf8b4a8650670310a4cd3, type: 2}
  m_StaticBatchInfo:
    firstSubMesh: 0
    subMeshCount: 0
  m_StaticBatchRoot: {fileID: 0}
  m_ProbeAnchor: {fileID: 0}
  m_LightProbeVolumeOverride: {fileID: 0}
  m_ScaleInLightmap: 1
  m_ReceiveGI: 1
  m_PreserveUVs: 0
  m_IgnoreNormalsForChartDetection: 0
  m_ImportantGI: 0
  m_StitchLightmapSeams: 1
  m_SelectedEditorRenderState: 0
  m_MinimumChartSize: 4
  m_AutoUVMaxDistance: 0.5
  m_AutoUVMaxAngle: 89
  m_LightmapParameters: {fileID: 0}
  m_SortingLayerID: 0
  m_SortingLayer: 0
  m_SortingOrder: 1
  m_Sprite: {fileID: 21300000, guid: e9bd922386258784086aecadf6a9429a, type: 3}
  m_Color: {r: 1, g: 1, b: 1, a: 0}
  m_FlipX: 0
  m_FlipY: 0
  m_DrawMode: 0
  m_Size: {x: 1.05, y: 1}
  m_AdaptiveModeThreshold: 0.5
  m_SpriteTileMode: 0
  m_WasSpriteAssigned: 1
  m_MaskInteraction: 0
  m_SpriteSortPoint: 0
--- !u!1 &3924996196007787257
GameObject:
  m_ObjectHideFlags: 0
  m_CorrespondingSourceObject: {fileID: 0}
  m_PrefabInstance: {fileID: 0}
  m_PrefabAsset: {fileID: 0}
  serializedVersion: 6
  m_Component:
  - component: {fileID: 8448903095519316141}
  m_Layer: 0
  m_Name: Center
  m_TagString: Untagged
  m_Icon: {fileID: 0}
  m_NavMeshLayer: 0
  m_StaticEditorFlags: 0
  m_IsActive: 1
--- !u!4 &8448903095519316141
Transform:
  m_ObjectHideFlags: 0
  m_CorrespondingSourceObject: {fileID: 0}
  m_PrefabInstance: {fileID: 0}
  m_PrefabAsset: {fileID: 0}
  m_GameObject: {fileID: 3924996196007787257}
  serializedVersion: 2
  m_LocalRotation: {x: 0, y: 0, z: 0, w: 1}
  m_LocalPosition: {x: 0, y: 0, z: 0}
  m_LocalScale: {x: 1, y: 1, z: 1}
  m_ConstrainProportionsScale: 0
  m_Children: []
  m_Father: {fileID: 5518340938442289238}
  m_LocalEulerAnglesHint: {x: 0, y: 0, z: 0}
--- !u!1 &6120684065367610748
GameObject:
  m_ObjectHideFlags: 0
  m_CorrespondingSourceObject: {fileID: 0}
  m_PrefabInstance: {fileID: 0}
  m_PrefabAsset: {fileID: 0}
  serializedVersion: 6
  m_Component:
  - component: {fileID: 5518340938442289238}
  - component: {fileID: 5024123955132490080}
  - component: {fileID: 2444337270265169952}
  - component: {fileID: -7251213155026516811}
  m_Layer: 0
  m_Name: shape_circle
  m_TagString: Untagged
  m_Icon: {fileID: 0}
  m_NavMeshLayer: 0
  m_StaticEditorFlags: 0
  m_IsActive: 1
--- !u!4 &5518340938442289238
Transform:
  m_ObjectHideFlags: 0
  m_CorrespondingSourceObject: {fileID: 0}
  m_PrefabInstance: {fileID: 0}
  m_PrefabAsset: {fileID: 0}
  m_GameObject: {fileID: 6120684065367610748}
  serializedVersion: 2
  m_LocalRotation: {x: 0, y: 0, z: 0, w: 1}
  m_LocalPosition: {x: 0, y: 0, z: 0}
  m_LocalScale: {x: 1, y: 1, z: 1}
  m_ConstrainProportionsScale: 0
  m_Children:
  - {fileID: 7282363397595550759}
  - {fileID: 3346652688246368509}
  - {fileID: 8448903095519316141}
  m_Father: {fileID: 0}
  m_LocalEulerAnglesHint: {x: 0, y: 0, z: 0}
--- !u!212 &5024123955132490080
SpriteRenderer:
  m_ObjectHideFlags: 0
  m_CorrespondingSourceObject: {fileID: 0}
  m_PrefabInstance: {fileID: 0}
  m_PrefabAsset: {fileID: 0}
  m_GameObject: {fileID: 6120684065367610748}
  m_Enabled: 1
  m_CastShadows: 0
  m_ReceiveShadows: 0
  m_DynamicOccludee: 1
  m_StaticShadowCaster: 0
  m_MotionVectors: 1
  m_LightProbeUsage: 1
  m_ReflectionProbeUsage: 1
  m_RayTracingMode: 0
  m_RayTraceProcedural: 0
  m_RenderingLayerMask: 1
  m_RendererPriority: 0
  m_Materials:
  - {fileID: 2100000, guid: a97c105638bdf8b4a8650670310a4cd3, type: 2}
  m_StaticBatchInfo:
    firstSubMesh: 0
    subMeshCount: 0
  m_StaticBatchRoot: {fileID: 0}
  m_ProbeAnchor: {fileID: 0}
  m_LightProbeVolumeOverride: {fileID: 0}
  m_ScaleInLightmap: 1
  m_ReceiveGI: 1
  m_PreserveUVs: 0
  m_IgnoreNormalsForChartDetection: 0
  m_ImportantGI: 0
  m_StitchLightmapSeams: 1
  m_SelectedEditorRenderState: 0
  m_MinimumChartSize: 4
  m_AutoUVMaxDistance: 0.5
  m_AutoUVMaxAngle: 89
  m_LightmapParameters: {fileID: 0}
  m_SortingLayerID: 0
  m_SortingLayer: 0
  m_SortingOrder: 0
  m_Sprite: {fileID: 21300000, guid: df329972715c5f44da6d47799838e4a9, type: 3}
  m_Color: {r: 1, g: 1, b: 1, a: 0.14901961}
  m_FlipX: 0
  m_FlipY: 0
  m_DrawMode: 0
  m_Size: {x: 7.23, y: 7.23}
  m_AdaptiveModeThreshold: 0.5
  m_SpriteTileMode: 0
  m_WasSpriteAssigned: 1
  m_MaskInteraction: 0
  m_SpriteSortPoint: 0
--- !u!331 &2444337270265169952
SpriteMask:
  m_ObjectHideFlags: 0
  m_CorrespondingSourceObject: {fileID: 0}
  m_PrefabInstance: {fileID: 0}
  m_PrefabAsset: {fileID: 0}
  m_GameObject: {fileID: 6120684065367610748}
  m_Enabled: 1
  m_CastShadows: 1
  m_ReceiveShadows: 1
  m_DynamicOccludee: 1
  m_StaticShadowCaster: 0
  m_MotionVectors: 1
  m_LightProbeUsage: 1
  m_ReflectionProbeUsage: 1
  m_RayTracingMode: 0
  m_RayTraceProcedural: 0
  m_RenderingLayerMask: 1
  m_RendererPriority: 0
  m_Materials:
  - {fileID: 2100000, guid: 15d0c3709176029428a0da2f8cecf0b5, type: 2}
  m_StaticBatchInfo:
    firstSubMesh: 0
    subMeshCount: 0
  m_StaticBatchRoot: {fileID: 0}
  m_ProbeAnchor: {fileID: 0}
  m_LightProbeVolumeOverride: {fileID: 0}
  m_ScaleInLightmap: 1
  m_ReceiveGI: 1
  m_PreserveUVs: 0
  m_IgnoreNormalsForChartDetection: 0
  m_ImportantGI: 0
  m_StitchLightmapSeams: 1
  m_SelectedEditorRenderState: 3
  m_MinimumChartSize: 4
  m_AutoUVMaxDistance: 0.5
  m_AutoUVMaxAngle: 89
  m_LightmapParameters: {fileID: 0}
  m_SortingLayerID: 0
  m_SortingLayer: 0
  m_SortingOrder: 0
  m_Sprite: {fileID: 21300000, guid: df329972715c5f44da6d47799838e4a9, type: 3}
  m_MaskAlphaCutoff: 0.2
  m_FrontSortingLayerID: 0
  m_BackSortingLayerID: 0
  m_FrontSortingLayer: 0
  m_BackSortingLayer: 0
  m_FrontSortingOrder: 0
  m_BackSortingOrder: 0
  m_IsCustomRangeActive: 0
  m_SpriteSortPoint: 0
--- !u!114 &-7251213155026516811
MonoBehaviour:
  m_ObjectHideFlags: 0
  m_CorrespondingSourceObject: {fileID: 0}
  m_PrefabInstance: {fileID: 0}
  m_PrefabAsset: {fileID: 0}
  m_GameObject: {fileID: 6120684065367610748}
  m_Enabled: 1
  m_EditorHideFlags: 0
  m_Script: {fileID: 11500000, guid: c1f66eafa5920eb4c9f3934d15b623f4, type: 3}
  m_Name: 
  m_EditorClassIdentifier: 
  _spriteRenderer: {fileID: 5024123955132490080}
  _drawSteps:
  - LineRenderer: {fileID: 478156717310009759}
    DrawStepCenter: {fileID: 8448903095519316141}
    TraceType: 2
    offsetZRotation: -90
  _showSteps:
  - StepLineRenderer: {fileID: 6027739341103828599}
    Stars:
    - {fileID: 2647948232839819816}
    - {fileID: 3502891327838635167}
--- !u!1 &7855834439305636010
GameObject:
  m_ObjectHideFlags: 0
  m_CorrespondingSourceObject: {fileID: 0}
  m_PrefabInstance: {fileID: 0}
  m_PrefabAsset: {fileID: 0}
  serializedVersion: 6
  m_Component:
  - component: {fileID: 3346652688246368509}
  - component: {fileID: 4358705327670265531}
  - component: {fileID: 6027739341103828599}
  - component: {fileID: 4960628395096252737}
  - component: {fileID: 5587139296062568934}
  m_Layer: 0
  m_Name: FirstStepShow
  m_TagString: Untagged
  m_Icon: {fileID: 0}
  m_NavMeshLayer: 0
  m_StaticEditorFlags: 0
  m_IsActive: 1
--- !u!4 &3346652688246368509
Transform:
  m_ObjectHideFlags: 0
  m_CorrespondingSourceObject: {fileID: 0}
  m_PrefabInstance: {fileID: 0}
  m_PrefabAsset: {fileID: 0}
  m_GameObject: {fileID: 7855834439305636010}
  serializedVersion: 2
  m_LocalRotation: {x: -0, y: -0, z: -0.7610783, w: 0.64866006}
  m_LocalPosition: {x: 0, y: 0, z: 0}
  m_LocalScale: {x: 1, y: 1, z: 1}
  m_ConstrainProportionsScale: 0
  m_Children:
  - {fileID: 7241632342789272974}
  - {fileID: 4766215471918423100}
  m_Father: {fileID: 5518340938442289238}
  m_LocalEulerAnglesHint: {x: 0, y: 0, z: -99.119}
--- !u!114 &4358705327670265531
MonoBehaviour:
  m_ObjectHideFlags: 0
  m_CorrespondingSourceObject: {fileID: 0}
  m_PrefabInstance: {fileID: 0}
  m_PrefabAsset: {fileID: 0}
  m_GameObject: {fileID: 7855834439305636010}
  m_Enabled: 1
  m_EditorHideFlags: 0
  m_Script: {fileID: 11500000, guid: e70f079e2a6bf364e8185b765fbe61c0, type: 3}
  m_Name: 
  m_EditorClassIdentifier: 
  settings:
    hideHandles: 0
    newPointDistance: 2
    showCurve: 1
    showCurveMode: 1
    showCurveOption: 0
    sections: 20
    showPointMenu: 1
    showTangents: 0
    tangentsSize: 0.7
    tangentsColor: {r: 1, g: 1, b: 1, a: 1}
    tangentsPerSection: 1
    controlType: 0
    vRay: 0
    lineColor: {r: 1, g: 0, b: 0, a: 1}
    restrictGizmoz: 
    showPointControlType: 1
    showPointPosition: 1
    showHandles: 1
    handlesType: 0
    handlesSettings:
      RemoveX: 0
      RemoveY: 0
      RemoveZ: 0
      RemoveXZ: 0
      RemoveXY: 0
      RemoveYZ: 0
      AxisScale: 1
      PlanesScale: 1
      Alpha: 1
    showLabels: 1
    labelColor: {r: 1, g: 1, b: 1, a: 1}
    showPositions: 0
    labelColorSelected: {r: 0, g: 1, b: 0, a: 1}
    showSpheres: 1
    sphereRadius: 0.1
    sphereColor: {r: 1, g: 0, b: 0, a: 1}
    showPointControlPositions: 1
    showControlHandles: 1
    controlHandlesType: 0
    controlHandlesSettings:
      RemoveX: 0
      RemoveY: 0
      RemoveZ: 0
      RemoveXZ: 0
      RemoveXY: 0
      RemoveYZ: 0
      AxisScale: 0.7
      PlanesScale: 0.7
      Alpha: 0.7
    controlHandlesColor: {r: 0, g: 1, b: 1, a: 1}
    showControlLabels: 1
    showControlPositions: 0
    labelControlColor: {r: 1, g: 0.92156863, b: 0.015686275, a: 1}
    showTransformField: 0
    existing: 1
  mode2D: 0
  closed: 0
  points:
  - controlType: 2
    positionLocal: {x: 0.0036885738, y: -3.2274158, z: -9.827633}
    controlFirstLocal: {x: 0.46637785, y: -0.18822956, z: 0}
    controlSecondLocal: {x: -2.4808686, y: 0.20786572, z: 0}
    pointTransform: {fileID: 0}
    curve: {fileID: 4358705327670265531}
    fieldsValues: []
  - controlType: 1
    positionLocal: {x: -3.2348654, y: -0.02612254, z: -9.827633}
    controlFirstLocal: {x: 0.19186592, y: -1.373701, z: 0}
    controlSecondLocal: {x: -0.19186592, y: 1.373701, z: -0}
    pointTransform: {fileID: 0}
    curve: {fileID: 4358705327670265531}
    fieldsValues: []
  - controlType: 1
    positionLocal: {x: -0.015843391, y: 3.2462628, z: -9.827633}
    controlFirstLocal: {x: -2.0455856, y: -0.10359526, z: -0}
    controlSecondLocal: {x: 2.0455856, y: 0.10359526, z: 0}
    pointTransform: {fileID: 0}
    curve: {fileID: 4358705327670265531}
    fieldsValues: []
  - controlType: 1
    positionLocal: {x: 3.1928022, y: -0.2141774, z: -9.827633}
    controlFirstLocal: {x: -0.20078588, y: 1.8307097, z: -0}
    controlSecondLocal: {x: 0.20078588, y: -1.8307097, z: 0}
    pointTransform: {fileID: 0}
    curve: {fileID: 4358705327670265531}
    fieldsValues: []
  - controlType: 0
    positionLocal: {x: 1.2101754, y: -2.944497, z: -9.145574}
    controlFirstLocal: {x: 0.65340596, y: 0.29950067, z: -0.20510507}
    controlSecondLocal: {x: -0.65340596, y: -0.29950067, z: 0.20510507}
    pointTransform: {fileID: 0}
    curve: {fileID: 4358705327670265531}
    fieldsValues: []
  pointsComponents: []
  pointsGameObjects: []
  fields: []
  snapType: 0
  snapAxis: 1
  snapDistance: 10
  snapLayerMask:
    serializedVersion: 2
    m_Bits: 4294967295
  snapTriggerInteraction: 0
  snapToBackFaces: 0
  snapMonitoring: 0
  eventMode: 0
  pointsMode: 0
  forceChangedEventMode: 0
--- !u!120 &6027739341103828599
LineRenderer:
  serializedVersion: 2
  m_ObjectHideFlags: 0
  m_CorrespondingSourceObject: {fileID: 0}
  m_PrefabInstance: {fileID: 0}
  m_PrefabAsset: {fileID: 0}
  m_GameObject: {fileID: 7855834439305636010}
  m_Enabled: 1
  m_CastShadows: 1
  m_ReceiveShadows: 1
  m_DynamicOccludee: 1
  m_StaticShadowCaster: 0
  m_MotionVectors: 0
  m_LightProbeUsage: 0
  m_ReflectionProbeUsage: 0
  m_RayTracingMode: 0
  m_RayTraceProcedural: 0
  m_RenderingLayerMask: 1
  m_RendererPriority: 0
  m_Materials:
  - {fileID: 2100000, guid: 15324826e1b68bc4ea5858dd3374bc99, type: 2}
  m_StaticBatchInfo:
    firstSubMesh: 0
    subMeshCount: 0
  m_StaticBatchRoot: {fileID: 0}
  m_ProbeAnchor: {fileID: 0}
  m_LightProbeVolumeOverride: {fileID: 0}
  m_ScaleInLightmap: 1
  m_ReceiveGI: 1
  m_PreserveUVs: 0
  m_IgnoreNormalsForChartDetection: 0
  m_ImportantGI: 0
  m_StitchLightmapSeams: 1
  m_SelectedEditorRenderState: 3
  m_MinimumChartSize: 4
  m_AutoUVMaxDistance: 0.5
  m_AutoUVMaxAngle: 89
  m_LightmapParameters: {fileID: 0}
  m_SortingLayerID: 0
  m_SortingLayer: 0
  m_SortingOrder: 0
  m_Positions:
  - {x: -3.187213, y: 0.5078404, z: -9.827633}
  - {x: -3.1237886, y: 0.74251515, z: -9.827633}
  - {x: -3.0534039, y: 0.96348906, z: -9.827633}
  - {x: -2.9763677, y: 1.1711587, z: -9.827633}
  - {x: -2.8929899, y: 1.3659205, z: -9.827633}
  - {x: -2.80358, y: 1.5481713, z: -9.827633}
  - {x: -2.7084475, y: 1.7183071, z: -9.827633}
  - {x: -2.6079016, y: 1.876725, z: -9.827633}
  - {x: -2.502252, y: 2.023821, z: -9.827633}
  - {x: -2.3918083, y: 2.159992, z: -9.827633}
  - {x: -2.2768798, y: 2.2856345, z: -9.827633}
  - {x: -2.157776, y: 2.4011447, z: -9.827633}
  - {x: -2.0348067, y: 2.5069196, z: -9.827633}
  - {x: -1.908281, y: 2.6033552, z: -9.827633}
  - {x: -1.7785084, y: 2.6908484, z: -9.827633}
  - {x: -1.6457986, y: 2.7697957, z: -9.827633}
  - {x: -1.510461, y: 2.8405936, z: -9.827633}
  - {x: -1.3728051, y: 2.9036384, z: -9.827633}
  - {x: -1.2331403, y: 2.9593267, z: -9.827633}
  - {x: -1.0917764, y: 3.0080554, z: -9.827633}
  - {x: -0.9490224, y: 3.0502205, z: -9.827633}
  - {x: -0.8051882, y: 3.0862188, z: -9.827633}
  - {x: -0.660583, y: 3.116447, z: -9.827633}
  - {x: -0.5155165, y: 3.1413014, z: -9.827633}
  - {x: -0.37029815, y: 3.1611784, z: -9.827633}
  - {x: -0.22523735, y: 3.1764746, z: -9.827633}
  - {x: -0.080643654, y: 3.1875868, z: -9.827633}
  - {x: 0.063173465, y: 3.1949112, z: -9.827633}
  - {x: 0.20590451, y: 3.1988444, z: -9.827633}
  - {x: 0.34724003, y: 3.199783, z: -9.827633}
  - {x: 0.48687047, y: 3.1981237, z: -9.827633}
  - {x: 0.62603736, y: 3.1899943, z: -9.827633}
  - {x: 0.7659001, y: 3.1714365, z: -9.827633}
  - {x: 0.9060259, y: 3.1427171, z: -9.827633}
  - {x: 1.0459821, y: 3.104103, z: -9.827633}
  - {x: 1.1853361, y: 3.0558612, z: -9.827633}
  - {x: 1.323655, y: 2.9982584, z: -9.827633}
  - {x: 1.4605062, y: 2.931561, z: -9.827633}
  - {x: 1.595457, y: 2.8560364, z: -9.827633}
  - {x: 1.7280746, y: 2.771951, z: -9.827633}
  - {x: 1.8579262, y: 2.6795719, z: -9.827633}
  - {x: 1.9845793, y: 2.5791657, z: -9.827633}
  - {x: 2.1076012, y: 2.4709992, z: -9.827633}
  - {x: 2.226559, y: 2.3553393, z: -9.827633}
  - {x: 2.34102, y: 2.232453, z: -9.827633}
  - {x: 2.4505517, y: 2.1026068, z: -9.827633}
  - {x: 2.554721, y: 1.9660678, z: -9.827633}
  - {x: 2.6530957, y: 1.8231025, z: -9.827633}
  - {x: 2.7452428, y: 1.6739779, z: -9.827633}
  - {x: 2.8307295, y: 1.5189607, z: -9.827633}
  - {x: 2.9091232, y: 1.358318, z: -9.827633}
  - {x: 2.9799912, y: 1.1923162, z: -9.827633}
  - {x: 3.0429008, y: 1.0212224, z: -9.827633}
  - {x: 3.0974193, y: 0.84530324, z: -9.827633}
  - {x: 3.1431139, y: 0.6648257, z: -9.827633}
  - {x: 3.1795516, y: 0.48005646, z: -9.827633}
  - {x: 3.2063005, y: 0.2912624, z: -9.827633}
  - {x: 3.222927, y: 0.0987103, z: -9.827633}
  - {x: 3.2289991, y: -0.09733301, z: -9.827633}
  - {x: 3.2240837, y: -0.29660073, z: -9.827633}
  - {x: 3.207748, y: -0.49882603, z: -9.827633}
  - {x: 3.1801465, y: -0.69792736, z: -9.827633}
  - {x: 3.1419683, y: -0.88808906, z: -9.827633}
  - {x: 3.093584, y: -1.0694429, z: -9.827633}
  - {x: 3.0353642, y: -1.2421207, z: -9.827633}
  - {x: 2.9676788, y: -1.4062545, z: -9.827633}
  - {x: 2.8908982, y: -1.5619761, z: -9.827633}
  - {x: 2.805393, y: -1.7094173, z: -9.827633}
  - {x: 2.7115333, y: -1.8487102, z: -9.827633}
  - {x: 2.6096895, y: -1.9799864, z: -9.827633}
  - {x: 2.500232, y: -2.103378, z: -9.827633}
  - {x: 2.383531, y: -2.2190166, z: -9.827633}
  - {x: 2.2599573, y: -2.3270345, z: -9.827633}
  - {x: 2.129881, y: -2.4275632, z: -9.827633}
  - {x: 1.9936719, y: -2.5207345, z: -9.827633}
  - {x: 1.851701, y: -2.6066806, z: -9.827633}
  - {x: 1.7043386, y: -2.6855335, z: -9.827633}
  - {x: 1.5519546, y: -2.7574246, z: -9.827633}
  - {x: 1.3949199, y: -2.822486, z: -9.827633}
  - {x: 1.2336044, y: -2.8808496, z: -9.827633}
  - {x: 1.0683788, y: -2.9326472, z: -9.827633}
  - {x: 0.89961314, y: -2.978011, z: -9.827633}
  - {x: 0.72767794, y: -3.0170722, z: -9.827633}
  - {x: 0.5529435, y: -3.0499632, z: -9.827633}
  - {x: 0.37578017, y: -3.0768158, z: -9.827633}
  - {x: 0.19655828, y: -3.0977619, z: -9.827633}
  - {x: 0.01564818, y: -3.1129334, z: -9.827633}
  - {x: -0.16657978, y: -3.1224618, z: -9.827633}
  - {x: -0.34975526, y: -3.1264794, z: -9.827633}
  - {x: -0.5335079, y: -3.125118, z: -9.827633}
  - {x: -0.71746737, y: -3.1185093, z: -9.827633}
  - {x: -0.8386523, y: -3.1099322, z: -9.826875}
  - {x: -0.95695466, y: -3.0964515, z: -9.824601}
  - {x: -1.0723743, y: -3.0780675, z: -9.820812}
  - {x: -1.1849115, y: -3.0547805, z: -9.815507}
  - {x: -1.2945659, y: -3.0265899, z: -9.808687}
  - {x: -1.4013377, y: -2.993496, z: -9.80035}
  - {x: -1.505227, y: -2.9554985, z: -9.790499}
  - {x: -1.6062335, y: -2.912598, z: -9.779131}
  - {x: -1.7043575, y: -2.864794, z: -9.766248}
  - {x: -1.7995988, y: -2.8120866, z: -9.751848}
  - {x: -1.8919575, y: -2.7544758, z: -9.735934}
  - {x: -1.9814336, y: -2.6919618, z: -9.718503}
  - {x: -2.068027, y: -2.6245444, z: -9.699557}
  - {x: -2.151738, y: -2.5522237, z: -9.679095}
  - {x: -2.232566, y: -2.4749997, z: -9.657118}
  - {x: -2.3105118, y: -2.392872, z: -9.633625}
  - {x: -2.3855746, y: -2.3058414, z: -9.608616}
  - {x: -2.457755, y: -2.2139072, z: -9.582091}
  - {x: -2.5270526, y: -2.1170697, z: -9.554051}
  - {x: -2.5934677, y: -2.015329, z: -9.524495}
  - {x: -2.6570003, y: -1.9086847, z: -9.493423}
  - {x: -2.7176502, y: -1.7971373, z: -9.460836}
  - {x: -2.7754173, y: -1.6806864, z: -9.426734}
  - {x: -2.830302, y: -1.5593321, z: -9.391115}
  - {x: -2.882304, y: -1.4330746, z: -9.353981}
  - {x: -2.9314232, y: -1.3019136, z: -9.3153305}
  - {x: -2.97766, y: -1.1658493, z: -9.275165}
  - {x: -3.021014, y: -1.0248817, z: -9.233483}
  - {x: -3.0614855, y: -0.87901074, z: -9.190287}
  - {x: -3.0990744, y: -0.72823644, z: -9.145574}
  m_Parameters:
    serializedVersion: 3
    widthMultiplier: 1
    widthCurve:
      serializedVersion: 2
      m_Curve:
      - serializedVersion: 3
        time: 0
        value: 1
        inSlope: 0
        outSlope: 0
        tangentMode: 0
        weightedMode: 0
        inWeight: 0.33333334
        outWeight: 0.33333334
      m_PreInfinity: 2
      m_PostInfinity: 2
      m_RotationOrder: 4
    colorGradient:
      serializedVersion: 2
      key0: {r: 1, g: 1, b: 1, a: 1}
      key1: {r: 1, g: 1, b: 1, a: 1}
      key2: {r: 0, g: 0, b: 0, a: 0}
      key3: {r: 0, g: 0, b: 0, a: 0}
      key4: {r: 0, g: 0, b: 0, a: 0}
      key5: {r: 0, g: 0, b: 0, a: 0}
      key6: {r: 0, g: 0, b: 0, a: 0}
      key7: {r: 0, g: 0, b: 0, a: 0}
      ctime0: 0
      ctime1: 65535
      ctime2: 0
      ctime3: 0
      ctime4: 0
      ctime5: 0
      ctime6: 0
      ctime7: 0
      atime0: 0
      atime1: 65535
      atime2: 0
      atime3: 0
      atime4: 0
      atime5: 0
      atime6: 0
      atime7: 0
      m_Mode: 0
      m_ColorSpace: -1
      m_NumColorKeys: 2
      m_NumAlphaKeys: 2
    numCornerVertices: 0
    numCapVertices: 0
    alignment: 0
    textureMode: 1
    textureScale: {x: 1, y: 1}
    shadowBias: 0.5
    generateLightingData: 0
  m_MaskInteraction: 0
  m_UseWorldSpace: 1
  m_Loop: 0
  m_ApplyActiveColorSpace: 1
--- !u!114 &4960628395096252737
MonoBehaviour:
  m_ObjectHideFlags: 0
  m_CorrespondingSourceObject: {fileID: 0}
  m_PrefabInstance: {fileID: 0}
  m_PrefabAsset: {fileID: 0}
  m_GameObject: {fileID: 7855834439305636010}
  m_Enabled: 1
  m_EditorHideFlags: 0
  m_Script: {fileID: 11500000, guid: b6d20671ad38ded4fa2362df353b9a31, type: 3}
  m_Name: 
  m_EditorClassIdentifier: 
  showHandles: 1
  hidden: 0
  parent: {fileID: 0}
  ccName: 
  fields: 1
  mathType: 0
  sectionParts: 30
  optimizeStraightLines: 0
  tolerance: 0.2
  usePositionToCalculateTangents: 0
  updateMode: 0
  rendererForUpdateCheck: {fileID: 0}
  mathChangedEvent:
    m_PersistentCalls:
      m_Calls: []
  spheresScale: 1
  spheresColor: {r: 1, g: 1, b: 1, a: 1}
  spheresCount: 100
--- !u!114 &5587139296062568934
MonoBehaviour:
  m_ObjectHideFlags: 0
  m_CorrespondingSourceObject: {fileID: 0}
  m_PrefabInstance: {fileID: 0}
  m_PrefabAsset: {fileID: 0}
  m_GameObject: {fileID: 7855834439305636010}
  m_Enabled: 1
  m_EditorHideFlags: 0
  m_Script: {fileID: 11500000, guid: 8a69af748a081a14dbc7aa333bece5af, type: 3}
  m_Name: 
  m_EditorClassIdentifier: 
  showHandles: 1
  hidden: 0
  parent: {fileID: 4960628395096252737}
  ccName: 
  splitMode: 0
  partsTotal: 30
  partsPerSection: 30
  doNotOptimizeStraightLines: 0
  useLocal: 0
  spheresScale: 1
  spheresColor: {r: 1, g: 1, b: 1, a: 1}
  spheresCount: 100
  updateAtStart: 0
--- !u!1 &8630402123842343863
GameObject:
  m_ObjectHideFlags: 0
  m_CorrespondingSourceObject: {fileID: 0}
  m_PrefabInstance: {fileID: 0}
  m_PrefabAsset: {fileID: 0}
  serializedVersion: 6
  m_Component:
  - component: {fileID: 7241632342789272974}
  - component: {fileID: 2647948232839819816}
  m_Layer: 0
  m_Name: star (4)
  m_TagString: Untagged
  m_Icon: {fileID: 0}
  m_NavMeshLayer: 0
  m_StaticEditorFlags: 0
  m_IsActive: 1
--- !u!4 &7241632342789272974
Transform:
  m_ObjectHideFlags: 0
  m_CorrespondingSourceObject: {fileID: 0}
  m_PrefabInstance: {fileID: 0}
  m_PrefabAsset: {fileID: 0}
  m_GameObject: {fileID: 8630402123842343863}
  serializedVersion: 2
  m_LocalRotation: {x: -0, y: -0, z: 0.7610783, w: 0.64866006}
  m_LocalPosition: {x: 0.3, y: -3.16, z: 0}
  m_LocalScale: {x: 0.3670999, y: 0.3670999, z: 0.3671}
  m_ConstrainProportionsScale: 0
  m_Children: []
  m_Father: {fileID: 3346652688246368509}
  m_LocalEulerAnglesHint: {x: 0, y: 0, z: 0}
--- !u!212 &2647948232839819816
SpriteRenderer:
  m_ObjectHideFlags: 0
  m_CorrespondingSourceObject: {fileID: 0}
  m_PrefabInstance: {fileID: 0}
  m_PrefabAsset: {fileID: 0}
  m_GameObject: {fileID: 8630402123842343863}
  m_Enabled: 1
  m_CastShadows: 0
  m_ReceiveShadows: 0
  m_DynamicOccludee: 1
  m_StaticShadowCaster: 0
  m_MotionVectors: 1
  m_LightProbeUsage: 1
  m_ReflectionProbeUsage: 1
  m_RayTracingMode: 0
  m_RayTraceProcedural: 0
  m_RenderingLayerMask: 1
  m_RendererPriority: 0
  m_Materials:
  - {fileID: 2100000, guid: a97c105638bdf8b4a8650670310a4cd3, type: 2}
  m_StaticBatchInfo:
    firstSubMesh: 0
    subMeshCount: 0
  m_StaticBatchRoot: {fileID: 0}
  m_ProbeAnchor: {fileID: 0}
  m_LightProbeVolumeOverride: {fileID: 0}
  m_ScaleInLightmap: 1
  m_ReceiveGI: 1
  m_PreserveUVs: 0
  m_IgnoreNormalsForChartDetection: 0
  m_ImportantGI: 0
  m_StitchLightmapSeams: 1
  m_SelectedEditorRenderState: 0
  m_MinimumChartSize: 4
  m_AutoUVMaxDistance: 0.5
  m_AutoUVMaxAngle: 89
  m_LightmapParameters: {fileID: 0}
  m_SortingLayerID: 0
  m_SortingLayer: 0
  m_SortingOrder: 1
  m_Sprite: {fileID: 21300000, guid: e9bd922386258784086aecadf6a9429a, type: 3}
  m_Color: {r: 1, g: 1, b: 1, a: 0}
  m_FlipX: 0
  m_FlipY: 0
  m_DrawMode: 0
  m_Size: {x: 1.05, y: 1}
  m_AdaptiveModeThreshold: 0.5
  m_SpriteTileMode: 0
  m_WasSpriteAssigned: 1
  m_MaskInteraction: 0
  m_SpriteSortPoint: 0
--- !u!1 &9142704872238591993
GameObject:
  m_ObjectHideFlags: 0
  m_CorrespondingSourceObject: {fileID: 0}
  m_PrefabInstance: {fileID: 0}
  m_PrefabAsset: {fileID: 0}
  serializedVersion: 6
  m_Component:
  - component: {fileID: 7282363397595550759}
  - component: {fileID: 6603600959725745407}
  - component: {fileID: 478156717310009759}
  - component: {fileID: 4377764719154031866}
  - component: {fileID: 4851376625573477050}
  - component: {fileID: 4319103862150225651}
  m_Layer: 0
  m_Name: FirstStepDraw
  m_TagString: Untagged
  m_Icon: {fileID: 0}
  m_NavMeshLayer: 0
  m_StaticEditorFlags: 0
  m_IsActive: 1
--- !u!4 &7282363397595550759
Transform:
  m_ObjectHideFlags: 0
  m_CorrespondingSourceObject: {fileID: 0}
  m_PrefabInstance: {fileID: 0}
  m_PrefabAsset: {fileID: 0}
  m_GameObject: {fileID: 9142704872238591993}
  serializedVersion: 2
  m_LocalRotation: {x: 0, y: 0, z: 0, w: 1}
  m_LocalPosition: {x: 0, y: 0, z: 0}
  m_LocalScale: {x: 1, y: 1, z: 1}
  m_ConstrainProportionsScale: 0
  m_Children: []
  m_Father: {fileID: 5518340938442289238}
  m_LocalEulerAnglesHint: {x: 0, y: 0, z: 0}
--- !u!114 &6603600959725745407
MonoBehaviour:
  m_ObjectHideFlags: 0
  m_CorrespondingSourceObject: {fileID: 0}
  m_PrefabInstance: {fileID: 0}
  m_PrefabAsset: {fileID: 0}
  m_GameObject: {fileID: 9142704872238591993}
  m_Enabled: 1
  m_EditorHideFlags: 0
  m_Script: {fileID: 11500000, guid: e70f079e2a6bf364e8185b765fbe61c0, type: 3}
  m_Name: 
  m_EditorClassIdentifier: 
  settings:
    hideHandles: 0
    newPointDistance: 2
    showCurve: 1
    showCurveMode: 1
    showCurveOption: 0
    sections: 20
    showPointMenu: 1
    showTangents: 0
    tangentsSize: 0.7
    tangentsColor: {r: 1, g: 1, b: 1, a: 1}
    tangentsPerSection: 1
    controlType: 0
    vRay: 0
    lineColor: {r: 1, g: 0, b: 0, a: 1}
    restrictGizmoz: 
    showPointControlType: 1
    showPointPosition: 1
    showHandles: 1
    handlesType: 0
    handlesSettings:
      RemoveX: 0
      RemoveY: 0
      RemoveZ: 0
      RemoveXZ: 0
      RemoveXY: 0
      RemoveYZ: 0
      AxisScale: 1
      PlanesScale: 1
      Alpha: 1
    showLabels: 1
    labelColor: {r: 1, g: 1, b: 1, a: 1}
    showPositions: 0
    labelColorSelected: {r: 0, g: 1, b: 0, a: 1}
    showSpheres: 1
    sphereRadius: 0.1
    sphereColor: {r: 1, g: 0, b: 0, a: 1}
    showPointControlPositions: 1
    showControlHandles: 1
    controlHandlesType: 0
    controlHandlesSettings:
      RemoveX: 0
      RemoveY: 0
      RemoveZ: 0
      RemoveXZ: 0
      RemoveXY: 0
      RemoveYZ: 0
      AxisScale: 0.7
      PlanesScale: 0.7
      Alpha: 0.7
    controlHandlesColor: {r: 0, g: 1, b: 1, a: 1}
    showControlLabels: 1
    showControlPositions: 0
    labelControlColor: {r: 1, g: 0.92156863, b: 0.015686275, a: 1}
    showTransformField: 0
    existing: 1
  mode2D: 0
  closed: 1
  points:
  - controlType: 2
    positionLocal: {x: -2.9782088, y: 0.32863483, z: -9.827633}
    controlFirstLocal: {x: -0.39579415, y: -2.1961322, z: 0}
    controlSecondLocal: {x: 0.09675646, y: 1.917616, z: 0}
    pointTransform: {fileID: 0}
    curve: {fileID: 6603600959725745407}
    fieldsValues: []
  - controlType: 1
    positionLocal: {x: 0.24731956, y: 3.103943, z: -9.827633}
    controlFirstLocal: {x: -1.2642466, y: 0.044092894, z: 0}
    controlSecondLocal: {x: 1.2642466, y: -0.044092894, z: -0}
    pointTransform: {fileID: 0}
    curve: {fileID: 6603600959725745407}
    fieldsValues: []
  - controlType: 1
    positionLocal: {x: 3.2623913, y: -0.18014057, z: -9.827633}
    controlFirstLocal: {x: 0.11942434, y: 1.6552354, z: -0}
    controlSecondLocal: {x: -0.11942434, y: -1.6552354, z: 0}
    pointTransform: {fileID: 0}
    curve: {fileID: 6603600959725745407}
    fieldsValues: []
  - controlType: 1
    positionLocal: {x: 0.4338132, y: -3.2141585, z: -9.827633}
    controlFirstLocal: {x: 1.7300786, y: 0.5092418, z: 0}
    controlSecondLocal: {x: -1.7300786, y: -0.5092418, z: -0}
    pointTransform: {fileID: 0}
    curve: {fileID: 6603600959725745407}
    fieldsValues: []
  pointsComponents: []
  pointsGameObjects: []
  fields: []
  snapType: 0
  snapAxis: 1
  snapDistance: 10
  snapLayerMask:
    serializedVersion: 2
    m_Bits: 4294967295
  snapTriggerInteraction: 0
  snapToBackFaces: 0
  snapMonitoring: 0
  eventMode: 0
  pointsMode: 0
  forceChangedEventMode: 0
--- !u!120 &478156717310009759
LineRenderer:
  serializedVersion: 2
  m_ObjectHideFlags: 0
  m_CorrespondingSourceObject: {fileID: 0}
  m_PrefabInstance: {fileID: 0}
  m_PrefabAsset: {fileID: 0}
  m_GameObject: {fileID: 9142704872238591993}
  m_Enabled: 1
  m_CastShadows: 1
  m_ReceiveShadows: 1
  m_DynamicOccludee: 1
  m_StaticShadowCaster: 0
  m_MotionVectors: 0
  m_LightProbeUsage: 0
  m_ReflectionProbeUsage: 0
  m_RayTracingMode: 0
  m_RayTraceProcedural: 0
  m_RenderingLayerMask: 1
  m_RendererPriority: 0
  m_Materials:
  - {fileID: 2100000, guid: 7b9d420e6745b674d9d40373ff371ba9, type: 2}
  m_StaticBatchInfo:
    firstSubMesh: 0
    subMeshCount: 0
  m_StaticBatchRoot: {fileID: 0}
  m_ProbeAnchor: {fileID: 0}
  m_LightProbeVolumeOverride: {fileID: 0}
  m_ScaleInLightmap: 1
  m_ReceiveGI: 1
  m_PreserveUVs: 0
  m_IgnoreNormalsForChartDetection: 0
  m_ImportantGI: 0
  m_StitchLightmapSeams: 1
  m_SelectedEditorRenderState: 3
  m_MinimumChartSize: 4
  m_AutoUVMaxDistance: 0.5
  m_AutoUVMaxAngle: 89
  m_LightmapParameters: {fileID: 0}
  m_SortingLayerID: 0
  m_SortingLayer: 0
  m_SortingOrder: 1
  m_Positions:
  - {x: -2.9782088, y: 0.32863483, z: -9.827633}
  - {x: -2.9627283, y: 0.5170129, z: -9.827633}
  - {x: -2.935989, y: 0.6986343, z: -9.827633}
  - {x: -2.898517, y: 0.87351465, z: -9.827633}
  - {x: -2.8508384, y: 1.0416694, z: -9.827633}
  - {x: -2.7934797, y: 1.2031142, z: -9.827633}
  - {x: -2.726967, y: 1.3578644, z: -9.827633}
  - {x: -2.6518266, y: 1.5059357, z: -9.827633}
  - {x: -2.5685847, y: 1.6473436, z: -9.827633}
  - {x: -2.4777677, y: 1.7821037, z: -9.827633}
  - {x: -2.3799014, y: 1.9102315, z: -9.827633}
  - {x: -2.2755125, y: 2.0317423, z: -9.827633}
  - {x: -2.165127, y: 2.1466522, z: -9.827633}
  - {x: -2.049271, y: 2.2549763, z: -9.827633}
  - {x: -1.9284712, y: 2.3567305, z: -9.827633}
  - {x: -1.8032534, y: 2.4519298, z: -9.827633}
  - {x: -1.6741439, y: 2.5405903, z: -9.827633}
  - {x: -1.5416691, y: 2.6227272, z: -9.827633}
  - {x: -1.406355, y: 2.6983562, z: -9.827633}
  - {x: -1.2687281, y: 2.7674928, z: -9.827633}
  - {x: -1.1293144, y: 2.8301525, z: -9.827633}
  - {x: -0.9886403, y: 2.8863509, z: -9.827633}
  - {x: -0.847232, y: 2.9361036, z: -9.827633}
  - {x: -0.7056156, y: 2.9794261, z: -9.827633}
  - {x: -0.56431746, y: 3.0163338, z: -9.827633}
  - {x: -0.42386377, y: 3.0468426, z: -9.827633}
  - {x: -0.28478077, y: 3.0709677, z: -9.827633}
  - {x: -0.14759472, y: 3.0887246, z: -9.827633}
  - {x: -0.012831822, y: 3.1001294, z: -9.827633}
  - {x: 0.11898168, y: 3.105197, z: -9.827633}
  - {x: 0.24731956, y: 3.103943, z: -9.827633}
  - {x: 0.3756681, y: 3.0944526, z: -9.827633}
  - {x: 0.50747985, y: 3.075018, z: -9.827633}
  - {x: 0.64217794, y: 3.0459654, z: -9.827633}
  - {x: 0.77918565, y: 3.0076222, z: -9.827633}
  - {x: 0.9179261, y: 2.9603145, z: -9.827633}
  - {x: 1.0578225, y: 2.9043694, z: -9.827633}
  - {x: 1.198298, y: 2.8401134, z: -9.827633}
  - {x: 1.3387758, y: 2.767873, z: -9.827633}
  - {x: 1.4786791, y: 2.6879756, z: -9.827633}
  - {x: 1.6174309, y: 2.6007473, z: -9.827633}
  - {x: 1.7544547, y: 2.506515, z: -9.827633}
  - {x: 1.8891735, y: 2.4056053, z: -9.827633}
  - {x: 2.0210106, y: 2.298345, z: -9.827633}
  - {x: 2.149389, y: 2.185061, z: -9.827633}
  - {x: 2.273732, y: 2.0660796, z: -9.827633}
  - {x: 2.393463, y: 1.9417279, z: -9.827633}
  - {x: 2.5080047, y: 1.8123324, z: -9.827633}
  - {x: 2.6167805, y: 1.6782198, z: -9.827633}
  - {x: 2.7192135, y: 1.5397168, z: -9.827633}
  - {x: 2.8147273, y: 1.3971503, z: -9.827633}
  - {x: 2.9027445, y: 1.2508467, z: -9.827633}
  - {x: 2.9826887, y: 1.101133, z: -9.827633}
  - {x: 3.053983, y: 0.9483357, z: -9.827633}
  - {x: 3.1160505, y: 0.7927816, z: -9.827633}
  - {x: 3.1683145, y: 0.6347974, z: -9.827633}
  - {x: 3.210198, y: 0.47470978, z: -9.827633}
  - {x: 3.2411242, y: 0.31284547, z: -9.827633}
  - {x: 3.2605164, y: 0.14953116, z: -9.827633}
  - {x: 3.2677977, y: -0.014906418, z: -9.827633}
  - {x: 3.2623913, y: -0.18014057, z: -9.827633}
  - {x: 3.2475874, y: -0.34306088, z: -9.827633}
  - {x: 3.2270765, y: -0.5008378, z: -9.827633}
  - {x: 3.2008832, y: -0.65356576, z: -9.827633}
  - {x: 3.1690311, y: -0.8013394, z: -9.827633}
  - {x: 3.1315446, y: -0.94425315, z: -9.827633}
  - {x: 3.0884478, y: -1.0824016, z: -9.827633}
  - {x: 3.039765, y: -1.2158793, z: -9.827633}
  - {x: 2.98552, y: -1.3447808, z: -9.827633}
  - {x: 2.9257371, y: -1.4692006, z: -9.827633}
  - {x: 2.8604407, y: -1.5892332, z: -9.827633}
  - {x: 2.7896547, y: -1.7049731, z: -9.827633}
  - {x: 2.7134032, y: -1.816515, z: -9.827633}
  - {x: 2.6317103, y: -1.9239532, z: -9.827633}
  - {x: 2.5446005, y: -2.0273824, z: -9.827633}
  - {x: 2.4520977, y: -2.126897, z: -9.827633}
  - {x: 2.3542259, y: -2.2225919, z: -9.827633}
  - {x: 2.2510095, y: -2.3145611, z: -9.827633}
  - {x: 2.1424725, y: -2.4028995, z: -9.827633}
  - {x: 2.028639, y: -2.4877017, z: -9.827633}
  - {x: 1.9095334, y: -2.5690618, z: -9.827633}
  - {x: 1.7851795, y: -2.6470745, z: -9.827633}
  - {x: 1.6556017, y: -2.7218347, z: -9.827633}
  - {x: 1.5208241, y: -2.7934363, z: -9.827633}
  - {x: 1.3808708, y: -2.8619745, z: -9.827633}
  - {x: 1.2357659, y: -2.9275434, z: -9.827633}
  - {x: 1.0855336, y: -2.9902375, z: -9.827633}
  - {x: 0.930198, y: -3.0501516, z: -9.827633}
  - {x: 0.7697834, y: -3.1073802, z: -9.827633}
  - {x: 0.60431373, y: -3.1620176, z: -9.827633}
  - {x: 0.4338132, y: -3.2141585, z: -9.827633}
  - {x: 0.259751, y: -3.257274, z: -9.827633}
  - {x: 0.08399796, y: -3.2850716, z: -9.827633}
  - {x: -0.09281894, y: -3.2980018, z: -9.827633}
  - {x: -0.27007276, y: -3.296514, z: -9.827633}
  - {x: -0.44713658, y: -3.2810585, z: -9.827633}
  - {x: -0.62338346, y: -3.2520857, z: -9.827633}
  - {x: -0.79818654, y: -3.2100449, z: -9.827633}
  - {x: -0.9709188, y: -3.1553862, z: -9.827633}
  - {x: -1.1409533, y: -3.0885599, z: -9.827633}
  - {x: -1.3076632, y: -3.0100157, z: -9.827633}
  - {x: -1.4704214, y: -2.9202037, z: -9.827633}
  - {x: -1.6286012, y: -2.8195739, z: -9.827633}
  - {x: -1.7815756, y: -2.7085762, z: -9.827633}
  - {x: -1.9287175, y: -2.5876606, z: -9.827633}
  - {x: -2.0694, y: -2.457277, z: -9.827633}
  - {x: -2.2029965, y: -2.3178756, z: -9.827633}
  - {x: -2.3288796, y: -2.1699064, z: -9.827633}
  - {x: -2.4464228, y: -2.0138192, z: -9.827633}
  - {x: -2.5549989, y: -1.8500639, z: -9.827633}
  - {x: -2.653981, y: -1.6790907, z: -9.827633}
  - {x: -2.742742, y: -1.5013496, z: -9.827633}
  - {x: -2.8206556, y: -1.3172903, z: -9.827633}
  - {x: -2.887094, y: -1.127363, z: -9.827633}
  - {x: -2.941431, y: -0.9320176, z: -9.827633}
  - {x: -2.9830394, y: -0.73170424, z: -9.827633}
  - {x: -3.011292, y: -0.5268727, z: -9.827633}
  - {x: -3.0255623, y: -0.31797302, z: -9.827633}
  - {x: -3.025223, y: -0.10545524, z: -9.827633}
  - {x: -3.0096476, y: 0.11023071, z: -9.827633}
  - {x: -2.9782088, y: 0.32863483, z: -9.827633}
  m_Parameters:
    serializedVersion: 3
    widthMultiplier: 1.2
    widthCurve:
      serializedVersion: 2
      m_Curve:
      - serializedVersion: 3
        time: 0
        value: 1
        inSlope: 0
        outSlope: 0
        tangentMode: 0
        weightedMode: 0
        inWeight: 0.33333334
        outWeight: 0.33333334
      m_PreInfinity: 2
      m_PostInfinity: 2
      m_RotationOrder: 4
    colorGradient:
      serializedVersion: 2
      key0: {r: 1, g: 1, b: 1, a: 1}
      key1: {r: 1, g: 1, b: 1, a: 1}
      key2: {r: 0, g: 0, b: 0, a: 0}
      key3: {r: 0, g: 0, b: 0, a: 0}
      key4: {r: 0, g: 0, b: 0, a: 0}
      key5: {r: 0, g: 0, b: 0, a: 0}
      key6: {r: 0, g: 0, b: 0, a: 0}
      key7: {r: 0, g: 0, b: 0, a: 0}
      ctime0: 0
      ctime1: 65535
      ctime2: 0
      ctime3: 0
      ctime4: 0
      ctime5: 0
      ctime6: 0
      ctime7: 0
      atime0: 0
      atime1: 65535
      atime2: 0
      atime3: 0
      atime4: 0
      atime5: 0
      atime6: 0
      atime7: 0
      m_Mode: 0
      m_ColorSpace: -1
      m_NumColorKeys: 2
      m_NumAlphaKeys: 2
    numCornerVertices: 0
    numCapVertices: 0
    alignment: 0
    textureMode: 0
    textureScale: {x: 1, y: 1}
    shadowBias: 0.5
    generateLightingData: 0
  m_MaskInteraction: 1
  m_UseWorldSpace: 1
  m_Loop: 0
  m_ApplyActiveColorSpace: 1
--- !u!114 &4377764719154031866
MonoBehaviour:
  m_ObjectHideFlags: 0
  m_CorrespondingSourceObject: {fileID: 0}
  m_PrefabInstance: {fileID: 0}
  m_PrefabAsset: {fileID: 0}
  m_GameObject: {fileID: 9142704872238591993}
  m_Enabled: 1
  m_EditorHideFlags: 0
  m_Script: {fileID: 11500000, guid: b6d20671ad38ded4fa2362df353b9a31, type: 3}
  m_Name: 
  m_EditorClassIdentifier: 
  showHandles: 1
  hidden: 0
  parent: {fileID: 0}
  ccName: 
  fields: 1
  mathType: 0
  sectionParts: 30
  optimizeStraightLines: 0
  tolerance: 0.2
  usePositionToCalculateTangents: 0
  updateMode: 0
  rendererForUpdateCheck: {fileID: 0}
  mathChangedEvent:
    m_PersistentCalls:
      m_Calls: []
  spheresScale: 1
  spheresColor: {r: 1, g: 1, b: 1, a: 1}
  spheresCount: 100
--- !u!114 &4851376625573477050
MonoBehaviour:
  m_ObjectHideFlags: 0
  m_CorrespondingSourceObject: {fileID: 0}
  m_PrefabInstance: {fileID: 0}
  m_PrefabAsset: {fileID: 0}
  m_GameObject: {fileID: 9142704872238591993}
  m_Enabled: 1
  m_EditorHideFlags: 0
  m_Script: {fileID: 11500000, guid: 8a69af748a081a14dbc7aa333bece5af, type: 3}
  m_Name: 
  m_EditorClassIdentifier: 
  showHandles: 1
  hidden: 0
  parent: {fileID: 4377764719154031866}
  ccName: 
  splitMode: 0
  partsTotal: 30
  partsPerSection: 30
  doNotOptimizeStraightLines: 0
  useLocal: 0
  spheresScale: 1
  spheresColor: {r: 1, g: 1, b: 1, a: 1}
  spheresCount: 100
  updateAtStart: 0
--- !u!61 &4319103862150225651
BoxCollider2D:
  m_ObjectHideFlags: 0
  m_CorrespondingSourceObject: {fileID: 0}
  m_PrefabInstance: {fileID: 0}
  m_PrefabAsset: {fileID: 0}
  m_GameObject: {fileID: 9142704872238591993}
  m_Enabled: 1
  m_Density: 1
  m_Material: {fileID: 0}
  m_IncludeLayers:
    serializedVersion: 2
    m_Bits: 0
  m_ExcludeLayers:
    serializedVersion: 2
    m_Bits: 0
  m_LayerOverridePriority: 0
  m_ForceSendLayers:
    serializedVersion: 2
    m_Bits: 4294967295
  m_ForceReceiveLayers:
    serializedVersion: 2
    m_Bits: 4294967295
  m_ContactCaptureLayers:
    serializedVersion: 2
    m_Bits: 4294967295
  m_CallbackLayers:
    serializedVersion: 2
    m_Bits: 4294967295
  m_IsTrigger: 0
  m_UsedByEffector: 0
  m_UsedByComposite: 0
  m_Offset: {x: -2.9444075, y: 1.3}
  m_SpriteTilingProperty:
    border: {x: 0, y: 0, z: 0, w: 0}
    pivot: {x: 0, y: 0}
    oldSize: {x: 0, y: 0}
    newSize: {x: 0, y: 0}
    adaptiveTilingThreshold: 0
    drawMode: 0
    adaptiveTiling: 0
  m_AutoTiling: 0
  serializedVersion: 2
  m_Size: {x: 1.3624096, y: 1.2689562}
  m_EdgeRadius: 0
